@book{carter2001foundations,
  title={Foundations of mathematical economics},
  author={Carter, Michael},
  year={2001},
  publisher={MIT press}
}

@book{hoy2011mathematics,
  title={Mathematics for economics},
  author={Hoy, Michael and Livernois, John and McKenna, Chris and Rees, Ray and Stengos, Thanasis},
  year={2011},
  publisher={MIT press}
}

@book{eichhornmathematics,
  author={Wolfgang Eichhorn and Winfried Glei{\ss}ner},
  title={Mathematics and Methodology for Economics},
  publisher={Springer},
  year={2016},
  month={May},
  doi={10.1007/978-3-319-23353-6},
  url={https://ideas.repec.org/b/spr/sptbec/978-3-319-23353-6.html}
}

@book{de2000mathematical,
  title={Mathematical methods and models for economists},
  author={De la Fuente, Angel},
  year={2000},
  publisher={Cambridge University Press}
}

@book{intriligator2002mathematical,
  title={Mathematical optimization and economic theory},
  author={Intriligator, Michael D},
  year={2002},
  publisher={SIAM}
}

@book{sydsaeter1995mathematics,
  title={Mathematics for economic analysis.},
  author={Sydsaeter, Knut and Hammond, Peter J},
  number={HB135 S98},
  year={1995}
}

@book{vali2014principles,
  title={Principles of mathematical economics},
  author={Vali, Shapoor},
  year={2014},
  publisher={Springer}
}